<?xml version="1.0" encoding="UTF-8"?><collection xmlns="http://www.loc.gov/MARC21/slim"><record><leader>00351nam--2200121-i-4500</leader><controlfield tag="001">000014106</controlfield><controlfield tag="002">20161230</controlfield><controlfield tag="005">20161230201030</controlfield><controlfield tag="008">060222s1000------------r-----000-0-eng-d</controlfield><datafield ind1=" " ind2=" " tag="245"><subfield code="a">Dimensioning and tolerancing. ansi y.14.5-1973</subfield></datafield><datafield ind1=" " ind2=" " tag="260"><subfield code="a">New York, American Society Of Mechanical Engineers, 1973</subfield></datafield><datafield ind1=" " ind2=" " tag="490"><subfield code="a">Xiii+117p</subfield></datafield><datafield ind1=" " ind2=" " tag="852"><subfield code="a">62-18:621.753.1(083.74)</subfield></datafield></record></collection>